<record><leader>00000cas a22000007a 4500</leader><controlfield tag="001">20314422</controlfield><controlfield tag="008">890908d18961901aruwr ne      0    0eng d</controlfield><datafield ind1=" " ind2=" " tag="010"><subfield code="a">sn 89051353 </subfield></datafield><datafield ind1=" " ind2=" " tag="040"><subfield code="a">ANU</subfield><subfield code="b">eng</subfield><subfield code="c">ANU</subfield><subfield code="d">OCLCQ</subfield></datafield><datafield ind1=" " ind2=" " tag="042"><subfield code="a">msc</subfield></datafield><datafield ind1="0" ind2=" " tag="130"><subfield code="a">Warren sentinel (Warren, Ark.)</subfield></datafield><datafield ind1="1" ind2="4" tag="245"><subfield code="a">The Warren sentinel.</subfield></datafield><datafield ind1=" " ind2=" " tag="260"><subfield code="a">Warren, Bradley Co., Ark. :</subfield><subfield code="b">Barton Bradley</subfield></datafield><datafield ind1=" " ind2=" " tag="300"><subfield code="a">v.</subfield></datafield><datafield ind1=" " ind2=" " tag="310"><subfield code="a">Weekly</subfield></datafield><datafield ind1="1" ind2=" " tag="362"><subfield code="a">Began in 1896; ceased in 1901.</subfield></datafield><datafield ind1=" " ind2=" " tag="588"><subfield code="a">Description based on: Vol. 1, no. 41 (Mar. 5, 1897).</subfield></datafield><datafield ind1=" " ind2=" " tag="752"><subfield code="a">United States</subfield><subfield code="b">Arkansas</subfield><subfield code="c">Bradley</subfield><subfield code="d">Warren.</subfield></datafield><datafield ind1="0" ind2="4" tag="785"><subfield code="t">Democrat-news (Warren, Ark.)</subfield><subfield code="w">(DLC)sn 89051355</subfield></datafield></record>